@Article{zuur2003,
  title = {Dynamic Factor Analysis to Estimate Common Trends in Fisheries Time Series},
  author = {A F Zuur and I D Tuck and N Bailey},
  year = {2003},
  month = {may},
  volume = {60},
  pages = {542--552},
  issn = {0706-652X},
  doi = {10.1139/f03-030},
  file = {/home/hilaire.drouineau/Documents/Bordeaux/pdf/Zuur et al_2003_Dynamic factor analysis to estimate common trends in fisheries time series.pdf},
  journal = {Canadian Journal of Fisheries and Aquatic Sciences},
  number = {5},
}
@TechReport{ices2014,
  title = {Report of the {{Joint EIFAAC}}/{{ICES Working Group}} on {{Eels}} ({{WGEEL}})},
  author = {{ICES}},
  year = {2014},
  pages = {201},
  address = {{Rome}},
  file = {/home/hilaire.drouineau/Documents/Bordeaux/pdf/ICES_2014_Report of the Joint EIFAAC-ICES Working Group on Eels (WGEEL).pdf},
  number = {ICES CM 2014/ACOM:18},
}
@Article{vollestad1992,
  title = {Geographic Variation in Age and Length at Metamorphosis of Maturing {{European}} Eel - {{Environmental}} Effects and Phenotypic Plasticity},
  author = {L A V{\o}llestad},
  year = {1992},
  volume = {61},
  pages = {41--48},
  doi = {10.2307/5507},
  file = {/home/hilaire.drouineau/Documents/Bordeaux/pdf/VÃ¸llestad_1992_Geographic variation in age and length at metamorphosis of maturing European.pdf},
  journal = {Journal of Animal Ecology},
  keywords = {AGE AT MATURITY,ANGUILLA- ANGUILLA LIFE-HISTORY CHARACTERISTICS,ANGUILLA-ANGUILLA L,anguille,BROWN TROUT,CLIMATE,croissance,DEVELOPMENTAL PLASTICITY,EVOLUTION,GROWTH,METAMORPHOSIS,RIVER,SALMO-TRUTTA,SIZE,taille a maturite,TRAITS},
}
@Article{zuur2003a,
  title = {Estimating Common Trends in Multivariate Time Series Using Dynamic Factor Analysis},
  author = {A. F. Zuur and R. J. Fryer and I. T. Jolliffe and R. Dekker and J. J. Beukema},
  year = {2003},
  month = {nov},
  volume = {14},
  pages = {665--685},
  issn = {1099-095X},
  doi = {10.1002/env.611},
  copyright = {Copyright \textcopyright{} 2003 John Wiley \& Sons, Ltd.},
  file = {/home/hilaire.drouineau/Documents/Bordeaux/pdf/Zuur et al_2003_Estimating common trends in multivariate time series using dynamic factor.pdf},
  journal = {Environmetrics},
  language = {en},
  number = {7},
}
@Article{dekker2000a,
  title = {The Fractal Geometry of the {{European}} Eel Stock},
  author = {W Dekker},
  year = {2000},
  month = {jan},
  volume = {57},
  pages = {109--121},
  issn = {1054-3139, 1095-9289},
  doi = {10.1006/jmsc.1999.0562},
  file = {/home/hilaire.drouineau/Documents/Bordeaux/pdf/Dekker_2000_The fractal geometry of the European eel stock.pdf;/home/hilaire.drouineau/Documents/Bordeaux/zotero/storage/7NGA7WK2/109.html},
  journal = {ICES Journal of Marine Science},
  language = {en},
  number = {1},
}
