@Misc{wger_init,
  originator = {ICES wgeel},
  year       = {2022},
  title      = {Annual recruitment},
  period     = {1900-2022},
  access     = {Public},
  source     = {script},
}
