@Misc{cars.csv,
  originator = {Ezekiel, M.},
  year       = {2002},
  title      = {Speed etc.},
  period     = {},
  access     = {Public},
  source     = {file},
}
