@Article{zuur2003,
  title = {Dynamic Factor Analysis to Estimate Common Trends in Fisheries Time Series},
  author = {A F Zuur and I D Tuck and N Bailey},
  year = {2003},
  month = {may},
  volume = {60},
  pages = {542--552},
  issn = {0706-652X},
  doi = {10.1139/f03-030},
  file = {/home/hilaire.drouineau/Documents/Bordeaux/pdf/Zuur et al_2003_Dynamic factor analysis to estimate common trends in fisheries time series.pdf},
  journal = {Canadian Journal of Fisheries and Aquatic Sciences},
  number = {5},
}
@TechReport{ices2014,
  title = {Report of the {{Joint EIFAAC}}/{{ICES Working Group}} on {{Eels}} ({{WGEEL}})},
  author = {{ICES}},
  year = {2014},
  pages = {201},
  address = {{Rome}},
  file = {/home/hilaire.drouineau/Documents/Bordeaux/pdf/ICES_2014_Report of the Joint EIFAAC-ICES Working Group on Eels (WGEEL).pdf},
  number = {ICES CM 2014/ACOM:18},
}
@Article{vollestad1992,
  title = {Geographic Variation in Age and Length at Metamorphosis of Maturing {{European}} Eel - {{Environmental}} Effects and Phenotypic Plasticity},
  author = {L A V{\o}llestad},
  year = {1992},
  volume = {61},
  pages = {41--48},
  doi = {10.2307/5507},
  file = {/home/hilaire.drouineau/Documents/Bordeaux/pdf/Vøllestad_1992_Geographic variation in age and length at metamorphosis of maturing European.pdf},
  journal = {Journal of Animal Ecology},
  keywords = {AGE AT MATURITY,ANGUILLA- ANGUILLA LIFE-HISTORY CHARACTERISTICS,ANGUILLA-ANGUILLA L,anguille,BROWN TROUT,CLIMATE,croissance,DEVELOPMENTAL PLASTICITY,EVOLUTION,GROWTH,METAMORPHOSIS,RIVER,SALMO-TRUTTA,SIZE,taille a maturite,TRAITS},
}
@Article{zuur2003a,
  title = {Estimating Common Trends in Multivariate Time Series Using Dynamic Factor Analysis},
  author = {A. F. Zuur and R. J. Fryer and I. T. Jolliffe and R. Dekker and J. J. Beukema},
  year = {2003},
  month = {nov},
  volume = {14},
  pages = {665--685},
  issn = {1099-095X},
  doi = {10.1002/env.611},
  copyright = {Copyright \textcopyright{} 2003 John Wiley \& Sons, Ltd.},
  file = {/home/hilaire.drouineau/Documents/Bordeaux/pdf/Zuur et al_2003_Estimating common trends in multivariate time series using dynamic factor.pdf},
  journal = {Environmetrics},
  language = {en},
  number = {7},
}
@Article{dekker2000a,
  title = {The Fractal Geometry of the {{European}} Eel Stock},
  author = {W Dekker},
  year = {2000},
  month = {jan},
  volume = {57},
  pages = {109--121},
  issn = {1054-3139, 1095-9289},
  doi = {10.1006/jmsc.1999.0562},
  file = {/home/hilaire.drouineau/Documents/Bordeaux/pdf/Dekker_2000_The fractal geometry of the European eel stock.pdf;/home/hilaire.drouineau/Documents/Bordeaux/zotero/storage/7NGA7WK2/109.html},
  journal = {ICES Journal of Marine Science},
  language = {en},
  number = {1},
}

@article{icesWorkshopFutureEel2021,
	title = {Workshop on the Future of Eel Advice ({WKFEA})},
	volume = {3},
	doi = {10.17895/ICES.PUB.5988},
	pages = {67},
	number = {13},
	journaltitle = {{ICES} Scientific Reports},
	author = {{ICES}},
	urldate = {2021-03-17},
	date = {2021},
	note = {Publisher: {ICES}},
	keywords = {\_Anguilla anguilla, \#Nettoyé, @Europe},
}

@article{holmesAnalysisMultivariateTime2021,
	title = {Analysis of multivariate time series using the {MARSS} package. Version 3.11.4},
	rights = {Creative Commons Attribution 4.0 International, Open Access},
	url = {https://zenodo.org/record/5781847},
	doi = {10.5281/ZENODO.5781847},
	abstract = {User Guide for the \{{MARSS}\} R package with documentation and examples.},
	author = {Holmes, Elizabeth Eli and Ward, Eric J. and Scheuerell, Mark D.},
	date = {2021-12-15},
	note = {Publisher: Zenodo
Version Number: 3.11.4},
	keywords = {time series, {MARSS}, autoregressive, modeling},
	file = {Holmes et al_2021_Analysis of multivariate time series using the MARSS package.pdf:/media/Donnees/Bibliotheque/final/pdf/Holmes et al_2021_Analysis of multivariate time series using the MARSS package.pdf:application/pdf},
}

@article{wardInferringSpatialStructure2010,
	title = {Inferring spatial structure from time-series data: using multivariate state-space models to detect metapopulation structure of California sea lions in the Gulf of California, Mexico},
	volume = {47},
	issn = {00218901, 13652664},
	doi = {10.1111/j.1365-2664.2009.01745.x},
	shorttitle = {Inferring spatial structure from time-series data},
	pages = {47--56},
	number = {1},
	journaltitle = {Journal of Applied Ecology},
	author = {Ward, Eric J. and Chirakkal, Haridas and González-Suárez, Manuela and Aurioles-Gamboa, David and Holmes, Elizabeth E. and Gerber, Leah},
	urldate = {2023-09-28},
	date = {2010-02},
	langid = {english},
	keywords = {{\textbackslash}Abondance, {\textbackslash}Statistiques, \#Nettoyé},
	file = {Ward et al_2010_Inferring spatial structure from time-series data.pdf:/media/Donnees/Bibliotheque/final/pdf/Ward et al_2010_Inferring spatial structure from time-series data.pdf:application/pdf},
}

@inbook{hinrichsenUsingMultivariateStatespace2009,
	title = {Using multivariate state-space models to study spatial structure and dynamics},
	pages = {145--166},
	booktitle = {Spatial ecology},
	author = {Hinrichsen, R. and Holmes, Elizabeth E.},
	bookauthor = {Cantrell, Robert Stephen and Cosner, Chris and Ruan, Shigui},
	urldate = {2023-09-30},
	date = {2009},
	keywords = {{\textbackslash}Statistiques, \#Nettoyé},
}
